@misc{CGPT3.5,
  author = {OpenAI},
  title = {GPT-3.5},
  year = {2021},
  howpublished = {\url{https://openai.com/blog/gpt-3-5-billion}},
  note = {Accessed on April 6, 2023}
}

